% This file was created with JabRef 2.6.
% Encoding: Cp1252

% Ejemplo:

%@BOOK{bentley:1999,
%  title = {{P}rogramming {P}earls},
%  publisher = {Addison--Wesley},
%  year = {1999},
%  author = {Jon Bentley},
%  address = {Boston, MA, USA},
%  edition = {2nd}
%}
%
%@ARTICLE{knuth:1976,
%  author = {Knuth, Donald E.},
%  title = {{B}ig {O}micron and {B}ig {O}mega and {B}ig {T}heta},
%  journal = {SIGACT News},
%  year = {1976},
%  volume = {8},
%  pages = {18--24},
%  number = {2},
%  month = {April/June},
%  address = {New York, NY, USA},
%  publisher = {ACM Press}
%}

% #############################
% # CHAPTER 1 (Estado del Arte)

@book{bolt1980put,
  title={“Put-that-there”: Voice and gesture at the graphics interface},
  author={Bolt, Richard A},
  volume={14},
  number={3},
  year={1980},
  publisher={ACM}
}

@article{Bourguet2003,
author = {Bourguet, ML},
file = {:home/dk/UNLP/TESIS/TO READ/designing\_prototyping\_multimodal\_interaction.pdf:pdf},
journal = {INTERACT},
keywords = {and,design,developers of multimodal user,finite state machines,interfaces,modelling techniques and,multimodal commands,prototyping,synchronisation patterns,to explore how simple,to support the designers,toolkit,tools can be used},
number = {c},
pages = {717--720},
title = {{Designing and Prototyping Multimodal Commands.}},
url = {http://scholar.google.com/scholar?hl=en\&btnG=Search\&q=intitle:Designing+and+Prototyping+Multimodal+Commands\#0},
year = {2003}
}


@inproceedings{lo2010introduction,
  title={Introduction to a Framework for Multi-modal and tangible interaction},
  author={Lo, Kenneth WK and Tang, Will WW and Ngai, Grace and Chan, Stephen CF and Tse, Jason TP},
  booktitle={Systems Man and Cybernetics (SMC), 2010 IEEE International Conference on},
  pages={3001--3007},
  year={2010},
  organization={IEEE},
  language={english}
}

@inproceedings{lo2013chameleon,
  title={i* Chameleon: a platform for developing multimodal application with comprehensive development cycle},
  author={Lo, Kenneth WK and Tang, Will WW and Ngai, Grace and Chan, Alvin TS and Leong, Hong Va and Chan, Stephen CF},
  booktitle={Proceedings of the 28th Annual ACM Symposium on Applied Computing},
  pages={1103--1108},
  year={2013},
  organization={ACM},
  language={english}
}

@article{gabbanini2012innovative,
  title={An innovative framework to support multimodal interaction with Smart Environments},
  author={Gabbanini, Francesco and Burzagli, Laura and Emiliani, Pier Luigi},
  journal={Expert Systems with Applications},
  volume={39},
  number={3},
  pages={2239--2246},
  year={2012},
  publisher={Elsevier},
  language={english}
}

@inproceedings{da2013learning,
  title={e-Learning Environment with Multimodal Interaction: A proposal to improve the usability, accessibility and learnability of e-learning environments},
  author={da Silva, Andr{\'e} and da Rocha, Helo{\'\i}sa},
  booktitle={ACHI 2013, The Sixth International Conference on Advances in Computer-Human Interactions},
  pages={483--487},
  year={2013},
  language={english}
}

@inproceedings{cutugno2012multimodal,
  title={Multimodal framework for mobile interaction},
  author={Cutugno, Francesco and Leano, Vincenza Anna and Rinaldi, Roberto and Mignini, Gianluca},
  booktitle={Proceedings of the International Working Conference on Advanced Visual Interfaces},
  pages={197--203},
  year={2012},
  organization={ACM},
  language={english}
}

@ONLINE{w3c:mmiframework,
  author = {W3C},
  title = {Multimodal Interaction Framework},
  year = 2003,
  url = {http://www.w3.org/TR/mmi-framework/},
  urldate = {2013-07-06},
  note = {Accedido: 2013-07-06},
 language={english}
}

@ONLINE{w3c:mmiarch,
  author = {W3C},
  title = {Multimodal Architecture and Interfaces},
  year = 2012,
  url = {http://www.w3.org/TR/mmi-arch/},
  urldate = {2013-07-06},
  note = {Accedido: 2013-07-06},
  language={english}
}

%http://www.ifml.org/

@inproceedings{dumas2008prototyping,
  title={Prototyping multimodal interfaces with smuiml modeling language},
  author={Dumas, B and Lalanne, D and Ingold, R},
  booktitle={CHI 2008 Workshop on User Interface Description Languages for Next Generation User Interfaces, CHI},
  pages={63--66},
  year={2008},
  language={english}
}

@inproceedings{frosini2013framework,
  title={A framework for the development of distributed interactive applications},
  author={Frosini, Luca and Manca, Marco and Patern{\`o}, Fabio},
  booktitle={Proceedings of the 5th ACM SIGCHI symposium on Engineering interactive computing systems},
  pages={249--254},
  year={2013},
  organization={ACM},
  language={english}
}

@incollection{dumas2009multimodal,
  title={Multimodal interfaces: A survey of principles, models and frameworks},
  author={Dumas, Bruno and Lalanne, Denis and Oviatt, Sharon},
  booktitle={Human Machine Interaction},
  pages={3--26},
  year={2009},
  publisher={Springer},
  language={english}
}


% #############################
% # CHAPTER 2 (Infra)

@article{garrett2005ajax,
  title={Ajax: A new approach to web applications},
  author={Garrett, Jesse James and others},
  year={2005}
}

@ONLINE{infra:npm-mods,
  author = {Charlie Robbins},
  title = {npm: innovation through modularity},
  year = 2013,
  url = {http://blog.nodejitsu.com/npm-innovation-through-modularity/},
  urldate = {2013-06-20},
  note = {Accedido: 2014-08-05},
  language={english}
}

@ONLINE{infra:browserify,
  author = {Browserling},
  title = {browserify},
  year = 2010,
  url = {http://browserify.org/},
  urldate = {2014},
  note = {Accedido: 2014-08-05},
  language={english}
}

@ONLINE{infra:nodejs,
  author = {Joyent, Inc.},
  title = {Node.js},
  year = 2014,
  url = {http://nodejs.org/},
  urldate = {2014},
  note = {Accedido: 2014-08-05},
  language={english}
}

@ONLINE{infra:html5,
  author = {The Web Hypertext Application Technology Working Group},
  title = {The Web platform: Browser technologies},
  year = 2011,
  url = {http://platform.html5.org/},
  urldate = {2014},
  note = {Accedido: 2014-08-05},
  language={english}
}

@ONLINE{infra:websockets,
  author = {W3C},
  title = {The WebSocket API},
  year = 2012,
  url = {http://www.w3.org/TR/websockets/},
  urldate = {2014},
  note = {Accedido: 2014-09-05},
  language={english}
}

@ONLINE{infra:vibration,
  author = {W3C},
  title = {Vibration API},
  year = 2014,
  url = {http://www.w3.org/TR/vibration/},
  urldate = {2014},
  note = {Accedido: 2014-09-05},
  language={english}
}

@ONLINE{infra:touch,
  author = {W3C},
  title = {Touch Events},
  year = 2013,
  url = {http://www.w3.org/TR/touch-events/},
  urldate = {2014},
  note = {Accedido: 2014-09-05},
  language={english}
}

@ONLINE{infra:spamanifesto,
  author = {Jose Maria Arranz Santamaria},
  title = {The Single Page Interface Manifesto},
  url = {http://itsnat.sourceforge.net/php/spim/spi_manifesto_en.php},
  urldate = {2014},
  note = {Accedido: 2014-09-05},
  language={english}
}

@article{Kermarrec2003,
author = {Kermarrec, Anne-marie},
number = {2},
pages = {114--131},
title = {{The Many Faces of Publish/Subscribe}},
volume = {35},
year = {2003}
}


% #############################
% # CHAPTER 4 (Apps)

@article{Farrell2007,
author = {Farrell, Jason and Nezlek, George S.},
doi = {10.1109/ITI.2007.4283806},
isbn = {953-7138-09-7},
issn = {1330-1012},
journal = {2007 29th International Conference on Information Technology Interfaces},
keywords = {0,ajax,application development,client-server,internet programming,programming,web,web 2},
month = jun,
pages = {413--418},
publisher = {Ieee},
title = {Rich Internet Applications The Next Stage of Application Development},
url = {http://ieeexplore.ieee.org/lpdocs/epic03/wrapper.htm?arnumber=4283806},
year = {2007}
}


@article{Duhl2003,
author = {Duhl, J},
journal = {Avail-able at http://wwwmacromedia. comn/ \ldots},
title = {White paper: Rich internet applications},
url = {http://scholar.google.com/scholar?hl=en\&btnG=Search\&q=intitle:WHITE+PAPER:+Rich+Internet+Applications\#0},
year = {2003}
}


@article{Fraternali2010,
abstract = {Modern Web solutions resemble desktop applications, enabling sophisticated user interactions, client-side processing, asynchronous communications, and multimedia. A pure HTTP/HTML architecture fails to support these required capabilities in several respects. The},
author = {Fraternali, Piero and Rossi, Gustavo and S\'{a}nchez-Figueroa, Fernando},
doi = {10.1109/MIC.2010.76},
isbn = {097776222X},
issn = {1089-7801},
journal = {IEEE Internet Computing},
month = may,
number = {3},
pages = {9--12},
title = {Rich Internet Applications},
url = {http://ieeexplore.ieee.org/lpdocs/epic03/wrapper.htm?arnumber=5481362},
volume = {14},
year = {2010}
}

@article{Bozzon2006,
address = {New York, New York, USA},
author = {Bozzon, Alessandro and Comai, Sara and Fraternali, Piero and Carughi, Giovanni Toffetti},
doi = {10.1145/1145581.1145649},
isbn = {1595933522},
journal = {Proceedings of the 6th international conference on Web engineering - ICWE '06},
keywords = {rich internet applications,web engineering},
mendeley-groups = {Tesis/Part 3},
pages = {353},
publisher = {ACM Press},
title = {Conceptual modeling and code generation for rich internet applications},
url = {http://portal.acm.org/citation.cfm?doid=1145581.1145649},
year = {2006}
}

@ONLINE{omg:omg,
  author = {OMG},
  title = {Object Management Group},
  year = 1997,
  url = {http://www.omg.org/},
  urldate = {2014-08-03},
  note = {Accedido: 2014-08-03},
  language={english}
}

@ONLINE{omg:ifml,
  author = {OMG},
  title = {IFML: The Interaction Flow Modeling Language},
  year = 2014,
  url = {http://www.ifml.org/},
  urldate = {2014-08-03},
  note = {Accedido: 2014-08-03},
  language={english}
}

@ONLINE{omg:webml,
  author = {OMG},
  title = {WebML: The Web Modeling Language},
  year = 2003,
  url = {http://www.webml.org/webml/page1.do},
  urldate = {2014-08-03},
  note = {Accedido: 2014-08-03},
  language={english}
}

@ONLINE{ind:backbone,
  author = {Jeremy Ashkenas, DocumentCloud},
  title = {Backbone.js},
  year = 2010,
  url = {http://backbonejs.org/},
  urldate = {2014-08-03},
  note = {Accedido: 2014-08-03},
  language={english}
}

@ONLINE{ind:angular,
  author = {Google},
  title = {AngularJS},
  year = 2010,
  url = {https://angularjs.org/},
  urldate = {2014-08-03},
  note = {Accedido: 2014-08-03},
  language={english}
}

@ONLINE{ind:ember,
  author = {, Tilde Inc.},
  title = {Ember.js},
  year = 2011,
  url = {http://emberjs.com/},
  urldate = {2014-08-03},
  note = {Accedido: 2014-08-03},
  language={english}
}

@ONLINE{ind:commonjsmodules,
  author = {CommonJS},
  title = {Modules},
  year = 2013,
  url = {http://wiki.commonjs.org/wiki/Modules},
  urldate = {2015-08-09},
  note = {Accedido: 2015-08-09},
  language={english}
}

@ONLINE{ind:requirejsmodules,
  author = {The Dojo Foundation},
  title = {RequireJS Module Loader},
  year = 2011,
  url = {http://requirejs.org/docs/1.0/docs/whyamd.html#amd},
  urldate = {2015-08-09},
  note = {Accedido: 2015-08-09},
  language={english}
}

@incollection{wright2008requirements,
  title={Requirements for rich internet application design methodologies},
  author={Wright, Jevon M and Dietrich, Jens B},
  booktitle={Web Information Systems Engineering-WISE 2008},
  pages={106--119},
  year={2008},
  publisher={Springer}
}

@inproceedings{preciado2005necessity,
  title={Necessity of methodologies to model Rich Internet Applications},
  author={Preciado, Juan Carlos and Linaje, Marino and Sanchez, Fernando and Comai, Sara},
  booktitle={Web Site Evolution, 2005.(WSE 2005). Seventh IEEE International Symposium on},
  pages={7--13},
  year={2005},
  organization={IEEE}
}

% #############################
% # CHAPTER 5 (Demo)

@ONLINE{demo:module_pattern,
  author = {Addy Osmani},
  title = {Learning JavaScript Design Patterns},
  year = 2014,
  url = {http://addyosmani.com/resources/essentialjsdesignpatterns/book/#modulepatternjavascript},
  urldate = {2014-08-17},
  note = {Accedido: 2014-08-17},
  language={english}
}

% #############################
% # CHAPTER 6 (End)

@book{kortum2008hci,
  title={HCI beyond the GUI: design for haptic, speech, olfactory, and other nontraditional interfaces},
  author={Kortum, Philip},
  year={2008},
  publisher={Morgan Kaufmann}
}

@inproceedings{dumas2009benchmarking,
  title={Benchmarking fusion engines of multimodal interactive systems},
  author={Dumas, Bruno and Ingold, Rolf and Lalanne, Denis},
  booktitle={Proceedings of the 2009 international conference on Multimodal interfaces},
  pages={169--176},
  year={2009},
  organization={ACM}
}

@inproceedings{oviatt1998referential,
  title={Referential features and linguistic indirection in multimodal language.},
  author={Oviatt, Sharon L and Kuhn, Karen},
  booktitle={ICSLP},
  year={1998}
}

@article{oviatt1999ten,
  title={Ten myths of multimodal interaction},
  author={Oviatt, Sharon},
  journal={Communications of the ACM},
  volume={42},
  number={11},
  pages={74--81},
  year={1999},
  publisher={ACM}
}

@article{hale2004deriving,
  title={Deriving haptic design guidelines from human physiological, psychophysical, and neurological foundations},
  author={Hale, Kelly S and Stanney, Kay M},
  journal={Computer Graphics and Applications, IEEE},
  volume={24},
  number={2},
  pages={33--39},
  year={2004},
  publisher={IEEE}
}

@inproceedings{wang2009real,
  title={Real-time hand-tracking with a color glove},
  author={Wang, Robert Y and Popovi{\'c}, Jovan},
  booktitle={ACM Transactions on Graphics (TOG)},
  volume={28},
  number={3},
  pages={63},
  year={2009},
  organization={ACM}
}


% #############################
% # CHAPTER X ( ... )
%bib...